<record><leader>00000cas a22000007a 4500</leader><controlfield tag="001">11373997</controlfield><controlfield tag="008">841112d18861926njuwr ne      0    0eng d</controlfield><datafield ind1=" " ind2=" " tag="010"><subfield code="a">sn 84045014 </subfield></datafield><datafield ind1=" " ind2=" " tag="040"><subfield code="a">NPA</subfield><subfield code="b">eng</subfield><subfield code="c">NPA</subfield><subfield code="d">NPX</subfield><subfield code="d">NJW</subfield><subfield code="d">OCLCQ</subfield></datafield><datafield ind1=" " ind2=" " tag="042"><subfield code="a">msc</subfield></datafield><datafield ind1="0" ind2=" " tag="130"><subfield code="a">Burlington gazette (Burlington, N.J. : 1886)</subfield></datafield><datafield ind1="1" ind2="4" tag="245"><subfield code="a">The Burlington gazette.</subfield></datafield><datafield ind1=" " ind2=" " tag="260"><subfield code="a">Burlington, N.J. :</subfield><subfield code="b">J.O. Glasgow,</subfield><subfield code="c">1886-</subfield></datafield><datafield ind1=" " ind2=" " tag="300"><subfield code="a">v. :</subfield><subfield code="b">ill.</subfield></datafield><datafield ind1=" " ind2=" " tag="310"><subfield code="a">Weekly</subfield></datafield><datafield ind1="0" ind2=" " tag="362"><subfield code="a">Vol. 30, no. 1534 (Apr. 3, 1886)-</subfield></datafield><datafield ind1="1" ind2=" " tag="362"><subfield code="a">Ceased in 1926.</subfield></datafield><datafield ind1=" " ind2=" " tag="530"><subfield code="a">Also issued on microfilm by Micro-Graphic Corp., Garfield, N.J.</subfield></datafield><datafield ind1=" " ind2=" " tag="752"><subfield code="a">United States</subfield><subfield code="b">New Jersey</subfield><subfield code="c">Burlington</subfield><subfield code="d">Burlington.</subfield></datafield><datafield ind1="0" ind2=" " tag="775"><subfield code="t">Burlington gazette (Burlington, N.J. : 1887 : Daily)</subfield></datafield><datafield ind1="0" ind2="0" tag="780"><subfield code="t">Burlington gazette, and Burlington County advertiser</subfield><subfield code="w">(DLC)sn 83032099</subfield><subfield code="w">(OCoLC)10181725</subfield></datafield></record>